@incollection{martin-lof_1975,
	address = {Bristol},
	series = {Studies in {Logic} and the {Foundations} of {Mathematics}},
	title = {An {Intuitionistic} {Theory} of {Types}: {Predicative} {Part}},
	number = {80},
	booktitle = {Logic {Colloquium} '73},
	publisher = {Elsevier},
	author = {Martin-L\"{o}f, Per},
	editor = {Rose, H. E. and Shepherdson, J. C.},
	year = {1975},
	doi = {10.1016/S0049-237X(08)71945-1},
	pages = {73--118},
}

@article{martin-lof_1984,
	title = {Constructive mathematics and computer programming},
	volume = {312},
	doi = {10.1098/rsta.1984.0073},
	number = {1522},
	journal = {Philosophical Transactions of the Royal Society of London. Series A, Mathematical and Physical Sciences},
	author = {Martin-L\"{o}f, Per},
	year = {1984},
	pages = {501--518}
}

@book{nordstrom_1990,
	title = {Programming in {Martin}-{Löf}'s {Type} {Theory}: an {Introduction}},
	url = {http://www.cse.chalmers.se/research/group/logic/book/},
	publisher = {Oxford University Press},
	author = {Nordstr\"{o}m, Bengt and Petersson, Kent and Smith, Jan M.},
	year = {1990}
}
  
@book{hott_2013,
	title = {Homotopy {Type} {Theory}: {Univalent} {Foundations} of {Mathematics}},
	url = {https://homotopytypetheory.org/book/},
	author = {{The Univalent Foundations Program}},
	year = {2013}
}

@incollection{hofmann_1997,
	title = {Syntax and {Semantics} of {Dependent} {Types}},
	url = {https://www.tcs.ifi.lmu.de/mitarbeiter/martin-hofmann/pdfs/syntaxandsemanticsof-dependenttypes.pdf},
	booktitle = {Semantics and {Logics} of {Computation}},
	publisher = {Cambridge University Press},
	author = {Hofmann, Martin},
	editor = {Pitts, Andrew M. and Dybjer, P.},
	year = {1997},
	doi = {10.1017/CBO9780511526619.004},
	pages = {79--130}
}

@incollection{shulman_2017,
	title = {Homotopy {Type} {Theory}: {A} {Synthetic} {Approach} to {Higher} {Equalities}},
	booktitle = {Categories for the {Working} {Philosopher}},
	publisher = {Oxford University Press},
	author = {Shulman, Michael},
	editor = {Landry, Elaine},
	year = {2017},
	doi = {10.1093/oso/9780198748991.003.0003}
}

@incollection{awodey_2012,
	title = {Type {Theory} and {Homotopy}},
	isbn = {978-94-007-4434-9 978-94-007-4435-6},
	booktitle = {Epistemology versus {Ontology}},
	publisher = {Springer Netherlands},
	author = {Awodey, Steve},
	editor = {Dybjer, P. and Lindström, Sten and Palmgren, Erik and Sundholm, G.},
	year = {2012},
	doi = {10.1007/978-94-007-4435-6_9},
	pages = {183--201},
  archivePrefix = {arXiv},
  eprint = {1010.1810}
}

@book{may_1999,
	series = {Chicago {Lectures} in {Mathematics}},
	title = {A concise course in algebraic topology},
	url = {https://www.math.uchicago.edu/~may/CONCISE/ConciseRevised.pdf},
	publisher = {University of Chicago Press},
	author = {May, Peter},
	year = {1999}
}

@incollection{awodey_2017,
	title = {Structuralism, {Invariance}, and {Univalence}},
	booktitle = {Categories for the {Working} {Philosopher}},
	publisher = {Oxford University Press},
	author = {Awodey, Steve},
	editor = {Landry, Elaine},
	year = {2017},
	doi = {10.1093/oso/9780198748991.003.0004}
}
	
@book{hofmann_1997-ext,
	series = {Distinguished {Dissertations}},
	title = {Extensional {Constructs} in {Intensional} {Type} {Theory}},
	isbn = {978-1-4471-1243-3},
	url = {http://link.springer.com/10.1007/978-1-4471-0963-1},
	publisher = {Springer London},
	author = {Hofmann, Martin},
	year = {1997},
	doi = {10.1007/978-1-4471-0963-1}
}

	
@article{gonthier_2008,
	title = {Formal {Proof}---{The} {Four}-{Color} {Theorem}},
	volume = {55},
	url = {https://www.ams.org/notices/200811/tx081101382p.pdf},
	number = {11},
	journal = {Notices of the American Mathematical Society},
	author = {Gonthier, Georges},
	year = {2008}
}

@article{pelayo_2014,
	title = {Homotopy type theory and {Voevodsky}'s univalent foundations},
	volume = {51},
	doi = {10.1090/S0273-0979-2014-01456-9},
	number = {4},
	journal = {Bulletin of the American Mathematical Society},
	author = {Pelayo, \'{A}lvaro and Warren, Michael},
	year = {2014},
	pages = {597--648}
}